@article{Alcolado_etal_2001,
   author = {Alcolado, Pedro M. and Alleng, Gerard and Bonair, Kurt and Bone, David and Buchan, Kenneth and Bush, Phillippe G. and De Meyer, Kalli and Garcia, Jorge R. and Garzón-Ferreira, Jaime and Gayle, Peter M. H. and Gerace, Donald T. and Geraldes, Francisco X. and Jordán-Dahlgren, Eric and Kjferve, Björn and Klein, Eduardo and Koltes, Karen and Laydoo, Richard S. and Linton, Dulcie M. and Ogden, John C. and Oxenford, Hazel A. and Parker, Christoph and Penchaszadeh, Pablo and Pors, Leon P. P. J. and Ramírez-Ramírez, Javier and Ruiz-Rentería, Francisco and Ryan, Joseph D. and Smith, Struan R. and Tschirky, John and Varela, Ramon and Walker, Susan and Weil, Ernesto and Wiebe, William J. and Woodley, Jeremy D. and Zieman, Joseph C.},
   title = {The Caribbean Coastal Marine Productivity Program (CARICOMP)},
   journal = {Bulletin of Marine Science},
   volume = {69},
   number = {2},
   pages = {819-829},
   url = {http://www.ingentaconnect.com/content/umrsmas/bullmar/2001/00000069/00000002/art00045},
   year = {2001},
   type = {Journal Article}
}

@article{Aronson_etal_2004,
   author = {Aronson, R. B. and MacIntyre, I. G. and Wapnick, C. M. and O'Neill, M. W.},
   title = {Phase shifts, alternative states, and the unprecedented convergence of two reef systems},
   journal = {Ecology},
   volume = {85},
   number = {7},
   pages = {1876-1891},
   ISSN = {0012-9658},
   DOI = {10.1890/03-0108},
   url = {<Go to ISI>://WOS:000223113500022
http://www.jstor.org/stable/pdfplus/3450362.pdf?acceptTC=true},
   year = {2004},
   type = {Journal Article}
}

@article{Chase_etal_2011,
   author = {Chase, Jonathan M. and Kraft, Nathan J. B. and Smith, Kevin G. and Vellend, Mark and Inouye, Brian D.},
   title = {Using null models to disentangle variation in community dissimilarity from variation in alpha-diversity},
   journal = {Ecosphere},
   volume = {2},
   number = {2},
   ISSN = {2150-8925},
   DOI = {10.1890/es10-00117.1},
   url = {<Go to ISI>://WOS:000208810300012
http://www.esajournals.org/doi/pdf/10.1890/ES10-00117.1},
   year = {2011},
   type = {Journal Article}
}

@article{Cinner_etal_2016,
   author = {Cinner, Joshua E. and Huchery, Cindy and MacNeil, M. Aaron and Graham, Nicholas A. J. and McClanahan, Tim R. and Maina, Joseph and Maire, Eva and Kittinger, John N. and Hicks, Christina C. and Mora, Camilo and Allison, Edward H. and D’Agata, Stephanie and Hoey, Andrew and Feary, David A. and Crowder, Larry and Williams, Ivor D. and Kulbicki, Michel and Vigliola, Laurent and Wantiez, Laurent and Edgar, Graham and Stuart-Smith, Rick D. and Sandin, Stuart A. and Green, Alison L. and Hardt, Marah J. and Beger, Maria and Friedlander, Alan and Campbell, Stuart J. and Holmes, Katherine E. and Wilson, Shaun K. and Brokovich, Eran and Brooks, Andrew J. and Cruz-Motta, Juan J. and Booth, David J. and Chabanet, Pascale and Gough, Charlie and Tupper, Mark and Ferse, Sebastian C. A. and Sumaila, U. Rashid and Mouillot, David},
   title = {Bright spots among the world’s coral reefs},
   journal = {Nature},
   volume = {advance online publication},
   ISSN = {1476-4687},
   DOI = {10.1038/nature18607
http://www.nature.com/nature/journal/vaop/ncurrent/abs/nature18607.html#supplementary-information},
   url = {http://dx.doi.org/10.1038/nature18607},
   year = {2016},
   type = {Journal Article}
}

@article{Coates_etal_2005,
   author = {Coates, Anthony G and McNeill, Donald F and Aubry, Marie-Pierre and Berggren, William A and Collins, Laurel S},
   title = {An introduction to the geology of the Bocas del Toro Archipelago, Panama},
   journal = {Caribbean Journal of Science},
   volume = {41},
   number = {3},
   pages = {374-391},
   year = {2005},
   type = {Journal Article}
}

@article{Cramer_etal_2012,
   author = {Cramer, Katie L. and Jackson, Jeremy B. C. and Angioletti, Christopher V. and Leonard-Pingel, Jill and Guilderson, Thomas P.},
   title = {Anthropogenic mortality on coral reefs in Caribbean Panama predates coral disease and bleaching},
   journal = {Ecology Letters},
   volume = {15},
   number = {6},
   pages = {561-567},
   ISSN = {1461-0248},
   DOI = {10.1111/j.1461-0248.2012.01768.x},
   url = {http://dx.doi.org/10.1111/j.1461-0248.2012.01768.x
http://onlinelibrary.wiley.com/store/10.1111/j.1461-0248.2012.01768.x/asset/j.1461-0248.2012.01768.x.pdf?v=1&t=h2metxpk&s=3539bae9524de8229aee8368e7202193ee0a299e},
   year = {2012},
   type = {Journal Article}
}

@article{Cramer_2013,
  title={History of human occupation and environmental change in western and central Caribbean Panama},
  author={Cramer, Katie L},
  journal={Bulletin of Marine Science},
  volume={89},
  number={4},
  pages={955--982},
  year={2013},
  publisher={University of Miami-Rosenstiel School of Marine and Atmospheric Science}
}

@article{D'Croz_etal_2005,
   author = {D’Croz, LUIS and Del Rosario, JUAN B and Gondola, Plinio},
   title = {The effect of fresh water runoff on the distribution of dissolved inorganic nutrients and plankton in the Bocas del Toro Archipelago, Caribbean Panama},
   journal = {Caribbean Journal of Science},
   volume = {41},
   number = {3},
   pages = {414-429},
   year = {2005},
   type = {Journal Article}
}

@article{Fredston_etal_2013,
   author = {Fredston-Hermann, A. L. and O'Dea, A. and Rodriguez, F. and Thompson, W. G. and Todd, J. A.},
   title = {Marked ecological shifts in seagrass and reef molluscan communities since the mid-holocene in the southwestern caribbean},
   journal = {Bulletin of Marine Science},
   volume = {89},
   number = {4},
   pages = {983-1002},
   ISSN = {0007-4977},
   DOI = {10.5343/bms.2012.1077},
   url = {<Go to ISI>://WOS:000326555900013},
   year = {2013},
   type = {Journal Article}
}

@article{Gardner_etal_2003,
   author = {Gardner, T. A. and Cote, I. M. and Gill, J. A. and Grant, A. and Watkinson, A. R.},
   title = {Long-term region-wide declines in Caribbean corals},
   journal = {Science},
   volume = {301},
   number = {5635},
   pages = {958-960},
   ISSN = {0036-8075},
   DOI = {10.1126/science.1086050},
   url = {<Go to ISI>://WOS:000184755900037
http://www.sciencemag.org/content/301/5635/958.full.pdf},
   year = {2003},
   type = {Journal Article}
}

@article{Guzman_etal_1998_a,
   author = {Guzman, Héctor M. and Guevara, Carlos A.},
   title = {Arrecifes coralinos de Bocas del Toro, Panamá: distribución, estructura y estado de conservación de los arrecifes continentales de la Laguna de Chiriquí y la Bahía Almirante},
   journal = {Revista de Biología Tropical},
   volume = {46},
   pages = {601-623},
   ISSN = {0034-7744},
   url = {http://www.scielo.sa.cr/scielo.php?script=sci_arttext&pid=S0034-77441998000300014&nrm=iso},
   year = {1998},
   type = {Journal Article}
}

@article{Guzman_etal_1998_b,
   author = {Guzman, Hector M. and Guevara, Carlos A.},
   title = {Arrecifes coralinos de Bocas del Toro, Panamá: II. Distribución, estructura y estado de conservación de los arrecifes de las Islas Bastimentos, Solarte, Carenero y Colón},
   journal = {Revista de Biología Tropical},
   volume = {46},
   pages = {889-912},
   ISSN = {0034-7744},
   url = {http://www.scielo.sa.cr/scielo.php?script=sci_arttext&pid=S0034-77441998000400002&nrm=iso},
   year = {1998},
   type = {Journal Article}
}

@article{Guzman_etal_1999,
   author = {Guzman, Hector M and Guevara, Carlos A},
   title = {Arrecifes coralinos de Bocas del Toro, Panamá: III. Distribución, estructura, diversidad y estado de conservación de los arrecifes de las islas Pastores, Cristóbal, Popa y Cayo Agua},
   journal = {Revista de Biología Tropical},
   volume = {47},
   pages = {659-676},
   ISSN = {0034-7744},
   url = {http://www.scielo.sa.cr/scielo.php?script=sci_arttext&pid=S0034-77441999000400002&nrm=iso},
   year = {1999},
   type = {Journal Article}
}

@article{Guzman_etal_2001,
   author = {Guzman, Hector M and Guevara, Carlos A},
   title = {Arrecifes coralinos de Bocas del Toro, Panamá: IV. Distribución, estructura y estado de conservación de los arrecifes continentales de Península Valiente},
   journal = {Revista de Biología Tropical},
   volume = {49},
   number = {1},
   pages = {53-66},
   ISSN = {0034-7744},
   year = {2001},
   type = {Journal Article}
}

@article{Guzman_etal_2005,
   author = {Guzman, Hector M and Barnes, Penelope AG and Lovelock, Catherine E and Feller, Ilka C},
   title = {A site description of the CARICOMP mangrove, seagrass and coral reef sites in Bocas del Toro, Panama},
   journal = {Caribbean Journal of Science},
   volume = {41},
   number = {3},
   pages = {430-440},
   ISSN = {0008-6452},
   year = {2005},
   type = {Journal Article}
}

@article{Graham_etal_2014,
   author = {Graham, Nicholas A. J. and Cinner, Joshua E. and Norstrom, Albert V. and Nystrom, Magnus},
   title = {Coral reefs as novel ecosystems: embracing new futures},
   journal = {Current Opinion in Environmental Sustainability},
   volume = {7},
   pages = {9-14},
   ISSN = {1877-3435},
   DOI = {10.1016/j.cosust.2013.11.023},
   url = {<Go to ISI>://WOS:000334019300003
http://ac.els-cdn.com/S1877343513001851/1-s2.0-S1877343513001851-main.pdf?_tid=abc5ffce-fda9-11e4-9552-00000aacb360&acdnat=1431986770_6ca5b93b0aaec3764fbefe43395e7a91},
   year = {2014},
   type = {Journal Article}
}

@article{Jackson_etal_2001,
   author = {Jackson, Jeremy BC and Kirby, Michael X and Berger, Wolfgang H and Bjorndal, Karen A and Botsford, Louis W and Bourque, Bruce J and Bradbury, Roger H and Cooke, Richard and Erlandson, Jon and Estes, James A},
   title = {Historical overfishing and the recent collapse of coastal ecosystems},
   journal = {science},
   volume = {293},
   number = {5530},
   pages = {629-637},
   ISSN = {0036-8075},
   year = {2001},
   type = {Journal Article}
}

@techreport{Jackson_etal_2014,
   author = {Jackson, Jeremy and Donovan, Mary and Cramer, Katie and Lam, Vivian},
   title = {Status and trends of Caribbean coral reefs: 1970-2012},
   institution = {Global Coral Reef Monitoring Network},
   year = {2014},
   type = {Report}
}

@Article{Laliberte_Legendre_2010,
  title = {A distance-based framework for measuring functional diversity from multiple traits},
  author = {Etienne Laliberté and Pierre Legendre},
  journal = {Ecology},
  year = {2010},
  volume = {91},
  pages = {299--305},
}
@phdthesis{Lepore_2015,
   author = {Lepore, Mauro Luciano},
   title = {Long-term dynamics of coral reefs in the inshore Southern Great Barrier Reef},
   university = {The University of Queensland},
   type = {PhD Thesis},
   url = {http://espace.library.uq.edu.au/view/UQ:371899},
   year = {2015},
   type = {Thesis}
}
@article{Madin_etal_2016,
   author = {Madin, Joshua S. and Anderson, Kristen D. and Andreasen, Magnus Heide and Bridge, Tom C. L. and Cairns, Stephen D. and Connolly, Sean R. and Darling, Emily S. and Diaz, Marcela and Falster, Daniel S. and Franklin, Erik C. and Gates, Ruth D. and Hoogenboom, Mia O. and Huang, Danwei and Keith, Sally A. and Kosnik, Matthew A. and Kuo, Chao-Yang and Lough, Janice M. and Lovelock, Catherine E. and Luiz, Osmar and Martinelli, Julieta and Mizerek, Toni and Pandolfi, John M. and Pochon, Xavier and Pratchett, Morgan S. and Putnam, Hollie M. and Roberts, T. Edward and Stat, Michael and Wallace, Carden C. and Widman, Elizabeth and Baird, Andrew H.},
   title = {The Coral Trait Database, a curated database of trait information for coral species from the global oceans},
   journal = {Scientific Data},
   volume = {3},
   pages = {160017},
   DOI = {10.1038/sdata.2016.17},
   url = {http://dx.doi.org/10.1038/sdata.2016.17
http://www.ncbi.nlm.nih.gov/pmc/articles/PMC4810887/pdf/sdata201617.pdf},
   year = {2016},
   type = {Journal Article}
}
@article{Mouillot_etal_2013,
   author = {Mouillot, David and Graham, Nicholas AJ and Villéger, Sébastien and Mason, Norman WH and Bellwood, David R},
   title = {A functional approach reveals community responses to disturbances},
   journal = {Trends in Ecology & Evolution},
   volume = {28},
   number = {3},
   pages = {167-177},
   ISSN = {0169-5347},
   year = {2013},
   type = {Journal Article}
}

@article{Nelson_etal_2016,
   author = {Nelson, Hannah R. and Kuempel, Caitlin D. and Altieri, Andrew H.},
   title = {The resilience of reef invertebrate biodiversity to coral mortality},
   journal = {Ecosphere},
   volume = {7},
   number = {7},
   pages = {n/a-n/a},
   ISSN = {2150-8925},
   DOI = {10.1002/ecs2.1399},
   url = {http://dx.doi.org/10.1002/ecs2.1399},
   year = {2016},
   type = {Journal Article}
}

@article{Pandolfi_etal_2003,
   author = {Pandolfi, J. M. and Bradbury, R. H. and Sala, E. and Hughes, T. P. and Bjorndal, K. A. and Cooke, R. G. and McArdle, D. and McClenachan, L. and Newman, M. J. H. and Paredes, G. and Warner, R. R. and Jackson, J. B. C.},
   title = {Global trajectories of the long-term decline of coral reef ecosystems},
   journal = {Science},
   volume = {301},
   number = {5635},
   pages = {955-958},
   ISSN = {0036-8075},
   DOI = {10.1126/science.1085706},
   url = {<Go to ISI>://WOS:000184755900036
http://www.sciencemag.org/content/301/5635/955.full.pdf},
   year = {2003},
   type = {Journal Article}
}
@article{Pandolfi_Jackson_2006,
   author = {Pandolfi, J. M. and Jackson, J. B. C.},
   title = {Ecological persistence interrupted in Caribbean coral reefs},
   journal = {Ecology Letters},
   volume = {9},
   number = {7},
   pages = {818-826},
   ISSN = {1461-023X},
   DOI = {10.1111/j.1461-0248.2006.00933.x},
   url = {<Go to ISI>://WOS:000238253500009
http://onlinelibrary.wiley.com/store/10.1111/j.1461-0248.2006.00933.x/asset/j.1461-0248.2006.00933.x.pdf?v=1&t=gxthiej7&s=0cbff597e0cd9666c5fb5e000e56f8da490e664a},
   year = {2006},
   type = {Journal Article}
}

@book{Pascale_etal_2010,
   author = {Pascale, Richard T and Sternin, Jerry and Sternin, Monique},
   title = {The power of positive deviance: How unlikely innovators solve the world's toughest problems},
   publisher = {Harvard Business Press},
   volume = {1},
   ISBN = {1422110664},
   year = {2010},
   type = {Book}
}

@article{Raup_etal_1979,
   author = {Raup, David M and Crick, Rex E},
   title = {Measurement of faunal similarity in paleontology},
   journal = {Journal of Paleontology},
   volume = {53},
   pages = {1213-1227},
   ISSN = {0022-3360},
   year = {1979},
   type = {Journal Article}
}

@article{Roff_etal_2012,
   author = {Roff, G. and Clark, T. R. and Reymond, C. E. and Zhao, J. X. and Feng, Y. X. and McCook, L. J. and Done, T. J. and Pandolfi, J. M.},
   title = {Palaeoecological evidence of a historical collapse of corals at Pelorus Island, inshore Great Barrier Reef, following European settlement},
   journal = {Proceedings of the Royal Society B-Biological Sciences},
   volume = {280},
   number = {1750},
   ISSN = {0962-8452},
   DOI = {10.1098/rspb.2012.2100},
   url = {<Go to ISI>://WOS:000311943100013
http://rspb.royalsocietypublishing.org/content/royprsb/280/1750/20122100.full.pdf},
   year = {2012},
   type = {Journal Article}
}

@article{Schloder_etal_2013,
   author = {Schlöder, Carmen and O'Dea, Aaron and Guzman, Hector M},
   title = {Benthic community recovery from small-scale damage on marginal cariBBean reefs: an example from panama},
   journal = {Bulletin of Marine Science},
   volume = {89},
   number = {4},
   pages = {1003-1013},
   ISSN = {0007-4977},
   year = {2013},
   type = {Journal Article}
}

@article{Seemann_etal_2014,
   author = {Seemann, Janina and González, Cindy T and Carballo-Bolaños, Rodrigo and Berry, Kathryn and Heiss, Georg A and Struck, Ulrich and Leinfelder, Reinhold R},
   title = {Assessing the ecological effects of human impacts on coral reefs in Bocas del Toro, Panama},
   journal = {Environmental monitoring and assessment},
   volume = {186},
   number = {3},
   pages = {1747-1763},
   ISSN = {0167-6369},
   year = {2014},
   type = {Journal Article}
}

@book{Shipley_2010,
   author = {Shipley, Bill},
   title = {From plant traits to vegetation structure: chance and selection in the assembly of ecological communities},
   publisher = {Cambridge University Press},
   ISBN = {052111747X},
   year = {2010},
   type = {Book}
}

@article{Shipley_etal_2006,
   author = {Shipley, Bill and Vile, Denis and Garnier, Éric},
   title = {From Plant Traits to Plant Communities: A Statistical Mechanistic Approach to Biodiversity},
   journal = {Science},
   volume = {314},
   number = {5800},
   pages = {812-814},
   DOI = {10.1126/science.1131344},
   url = {http://science.sciencemag.org/content/sci/314/5800/812.full.pdf},
   year = {2006},
   type = {Journal Article}
}

@article{Sonnier_etal_2010,
   author = {Sonnier, Grégory and Shipley, Bill and Navas, Marie-Laure},
   title = {Plant traits, species pools and the prediction of relative abundance in plant communities: a maximum entropy approach},
   journal = {Journal of Vegetation Science},
   volume = {21},
   number = {2},
   pages = {318-331},
   ISSN = {1654-1103},
   DOI = {10.1111/j.1654-1103.2009.01145.x},
   url = {http://dx.doi.org/10.1111/j.1654-1103.2009.01145.x},
   year = {2010},
   type = {Journal Article}
}
@Article{tidy-data,
  author = {Hadley Wickham},
  issue = {10},
  journal = {The Journal of Statistical Software},
  selected = {TRUE},
  title = {Tidy data},
  url = {http://www.jstatsoft.org/v59/i10/},
  volume = {59},
  year = {2014},
  bdsk-url-1 = {http://www.jstatsoft.org/v59/i10/},
}
@article{Walker_etal_2012,
   author = {Walker, M. J. C. and Berkelhammer, M. and Bjorck, S. and Cwynar, L. C. and Fisher, D. A. and Long, A. J. and Lowe, J. J. and Newnham, R. M. and Rasmussen, S. O. and Weiss, H.},
   title = {Formal subdivision of the holocene series/epoch: A discussion paper by a working group of intimate (integration of ice-core, marine and terrestrial records) and the subcommission on quaternary stratigraphy (international commission on stratigraphy)},
   journal = {Journal of Quaternary Science},
   volume = {27},
   number = {7},
   pages = {649-659},
   ISSN = {0267-8179},
   DOI = {10.1002/jqs.2565},
   url = {<Go to ISI>://WOS:000309743800001
http://onlinelibrary.wiley.com/doi/10.1002/jqs.2565/abstract},
   year = {2012},
   type = {Journal Article}
}
@article{Wickham_2014,
   author = {Wickham, Hadley},
   title = {Tidy Data},
   journal = {Journal of Statistical Software},
   volume = {59},
   number = {i10},
   year = {2014},
   type = {Journal Article}
}
